<?xml version='1.0' encoding='UTF-8'?>
<record xmlns="http://www.loc.gov/MARC21/slim">
  <leader>02913cam a2200541 a 4500</leader>
  <controlfield tag="001">460653</controlfield>
  <controlfield tag="003">NjP</controlfield>
  <controlfield tag="005">20170905102824.0</controlfield>
  <controlfield tag="008">880810s1988    ir h     b    000 0 ara d</controlfield>
  <datafield tag="024" ind1="7" ind2=" ">
    <subfield code="a">princeton_aco001781</subfield>
    <subfield code="2">local</subfield>
  </datafield>
  <datafield ind1=" " ind2=" " tag="035">
    <subfield code="a">(OCoLC)ocn175417000</subfield>
  </datafield>
  <datafield ind1=" " ind2=" " tag="035">
    <subfield code="a">460653</subfield>
  </datafield>
  <datafield ind1=" " ind2=" " tag="040">
    <subfield code="a">PU</subfield>
    <subfield code="c">PUL</subfield>
    <subfield code="d">PUL</subfield>
  </datafield>
  <datafield ind1=" " ind2=" " tag="035">
    <subfield code="a">(OCoLC)175417000</subfield>
  </datafield>
  <datafield ind1=" " ind2=" " tag="035">
    <subfield code="a">(CStRLIN)NJPG88-B40301</subfield>
  </datafield>
  <datafield ind1=" " ind2=" " tag="035">
    <subfield code="9">ACD6304TS</subfield>
  </datafield>
  <datafield ind1=" " ind2=" " tag="035">
    <subfield code="a">(NjP)460653</subfield>
  </datafield>
  <datafield ind1=" " ind2=" " tag="079">
    <subfield code="a">ocm23699415</subfield>
  </datafield>
  <datafield ind1=" " ind2=" " tag="049">
    <subfield code="a">PULL</subfield>
  </datafield>
  <datafield ind1="1" ind2=" " tag="100">
    <subfield code="6">880-01</subfield>
    <subfield code="a">Ḥillī, Jaʻfar ibn al-Zahdarī,</subfield>
    <subfield code="d">active 14th century.</subfield>
    <subfield code="0">http://id.loc.gov/authorities/names/nr90023565</subfield>
  </datafield>
  <datafield ind1="1" ind2="3" tag="245">
    <subfield code="6">880-02</subfield>
    <subfield code="a">al-Īḍāḥ taraddudāt al-Sharāyiʻ /</subfield>
    <subfield code="c">lil-faqīh Najm al-Dīn Jaʻfar ibn al-Zahdarī al-Ḥillī ; taḥqīq, Mahdī al-Rajāʼī ; ishrāf, Maḥmūd al-Marʻashī.</subfield>
  </datafield>
  <datafield ind1=" " ind2=" " tag="250">
    <subfield code="6">880-03</subfield>
    <subfield code="a">al-Ṭabʻah 1.</subfield>
  </datafield>
  <datafield ind1=" " ind2=" " tag="260">
    <subfield code="6">880-04</subfield>
    <subfield code="a">[Qum] :</subfield>
    <subfield code="b">Maktabat Āyat Allāh al-Marʻashī al-ʻĀmmah,</subfield>
    <subfield code="c">1408 [1988]</subfield>
  </datafield>
  <datafield ind1=" " ind2=" " tag="300">
    <subfield code="a">2 v. in 1 (351, 199 p.) :</subfield>
    <subfield code="b">facsims. ;</subfield>
    <subfield code="c">25 cm.</subfield>
  </datafield>
  <datafield ind1="1" ind2=" " tag="490">
    <subfield code="6">880-05</subfield>
    <subfield code="a">Makhṭūṭāt Maktabat Āyat Allāh al-Marʻashī al-ʻĀmmah ;</subfield>
    <subfield code="v">19</subfield>
  </datafield>
  <datafield ind1=" " ind2=" " tag="500">
    <subfield code="a">Title page partially vocalized.</subfield>
  </datafield>
  <datafield ind1=" " ind2=" " tag="504">
    <subfield code="a">Includes bibliographical references.</subfield>
  </datafield>
  <datafield ind1="1" ind2="0" tag="600">
    <subfield code="6">880-06</subfield>
    <subfield code="a">Muḥaqqiq al-Ḥillī, Jaʻfar ibn al-Ḥasan,</subfield>
    <subfield code="d">1205 or 1206-1277.</subfield>
    <subfield code="t">Sharāʼīʻ al-Islām.</subfield>
  </datafield>
  <datafield ind1=" " ind2="0" tag="650">
    <subfield code="a">Islamic law</subfield>
    <subfield code="x">Interpretation and construction</subfield>
    <subfield code="x">Early works to 1800.</subfield>
    <subfield code="0">http://id.loc.gov/authorities/subjects/sh2008104962</subfield>
  </datafield>
  <datafield ind1=" " ind2="0" tag="650">
    <subfield code="a">Shiites.</subfield>
    <subfield code="0">http://id.loc.gov/authorities/subjects/sh85121432</subfield>
  </datafield>
  <datafield ind1="1" ind2=" " tag="700">
    <subfield code="6">880-07</subfield>
    <subfield code="a">Marʻashī, Maḥmūd.</subfield>
  </datafield>
  <datafield ind1="1" ind2=" " tag="700">
    <subfield code="6">880-08</subfield>
    <subfield code="a">Rajāʼī, Mahdī.</subfield>
  </datafield>
  <datafield ind1="0" ind2=" " tag="740">
    <subfield code="6">880-09</subfield>
    <subfield code="a">Īḍāḥ taraddudāt al-Sharāʼiʻ.</subfield>
  </datafield>
  <datafield ind1=" " ind2="0" tag="830">
    <subfield code="6">880-10</subfield>
    <subfield code="a">Min makhṭūṭāt Maktabat Āyat Allāh al-Marʻashī al-ʻĀmmah ;</subfield>
    <subfield code="v">19.</subfield>
  </datafield>
  <datafield ind1="1" ind2=" " tag="880">
    <subfield code="6">100-01/r</subfield>
    <subfield code="a">حلي، جعفر بن الزهدري،</subfield>
    <subfield code="d">active 14th century.</subfield>
  </datafield>
  <datafield ind1="1" ind2="2" tag="880">
    <subfield code="6">245-02/r</subfield>
    <subfield code="a">الاضاح ترددات الشرايع /</subfield>
    <subfield code="c">للفقيه نجم الدين جعفر بن الزهدري الحلي ؛ تحقيق، مهدي الرجائي ؛ اشراف، محمود المرعشي.</subfield>
  </datafield>
  <datafield ind1=" " ind2=" " tag="880">
    <subfield code="6">250-03/r</subfield>
    <subfield code="a">الطبعة 1.</subfield>
  </datafield>
  <datafield ind1=" " ind2=" " tag="880">
    <subfield code="6">260-04/r</subfield>
    <subfield code="a">[قم] :</subfield>
    <subfield code="b">مكتبة آية الله المرعشي العامة،</subfield>
    <subfield code="c">1408 [1988]</subfield>
  </datafield>
  <datafield ind1="1" ind2=" " tag="880">
    <subfield code="6">490-05/r</subfield>
    <subfield code="a">مخطوطات مكتبة آية الله المرعشي العامة ؛</subfield>
    <subfield code="v">19</subfield>
  </datafield>
  <datafield ind1="1" ind2="4" tag="880">
    <subfield code="6">600-06/r</subfield>
    <subfield code="a">محقق الحلي، جعفر بن الحسن،</subfield>
    <subfield code="d">1205 or 1206-1277.</subfield>
    <subfield code="t">شرائيع الاسلام.</subfield>
  </datafield>
  <datafield ind1="1" ind2=" " tag="880">
    <subfield code="6">700-07/r</subfield>
    <subfield code="a">مرعشي، محمود.</subfield>
  </datafield>
  <datafield ind1="1" ind2=" " tag="880">
    <subfield code="6">700-08/r</subfield>
    <subfield code="a">رجائي، مهدي.</subfield>
  </datafield>
  <datafield ind1="0" ind2=" " tag="880">
    <subfield code="6">740-09/r</subfield>
    <subfield code="a">ايضاح ترددات الشرائع.</subfield>
  </datafield>
  <datafield ind1=" " ind2="0" tag="880">
    <subfield code="6">830-10/r</subfield>
    <subfield code="a">من مخطوطات مكتبة آية الله المرعشي العامة ؛</subfield>
    <subfield code="v">19.</subfield>
  </datafield>
  <datafield ind1=" " ind2=" " tag="998">
    <subfield code="a">02/21/91</subfield>
    <subfield code="s">9114</subfield>
    <subfield code="n">NjP</subfield>
    <subfield code="w">NJPG88B40301</subfield>
    <subfield code="d">08/10/88</subfield>
    <subfield code="c">JEB</subfield>
    <subfield code="b">JKS</subfield>
    <subfield code="i">910221</subfield>
    <subfield code="l">NJPG</subfield>
  </datafield>
  <datafield ind1=" " ind2=" " tag="948">
    <subfield code="a">TR FR ARAB</subfield>
  </datafield>
  <datafield ind1=" " ind2=" " tag="911">
    <subfield code="a">19921028</subfield>
  </datafield>
  <datafield ind1=" " ind2=" " tag="912">
    <subfield code="a">19910221000000.0</subfield>
  </datafield>
  <datafield ind1=" " ind2=" " tag="994">
    <subfield code="a">C0</subfield>
    <subfield code="b">PUL</subfield>
  </datafield>
  <datafield ind1=" " ind2=" " tag="999">
    <subfield code="a">460653</subfield>
  </datafield>
  <datafield ind1="0" ind2="0" tag="852">
    <subfield code="0">501042</subfield>
    <subfield code="b">nec</subfield>
    <subfield code="t">1</subfield>
    <subfield code="h">KBP370.M84</subfield>
    <subfield code="i">A37434 1988</subfield>
  </datafield>
  <datafield ind1=" " ind2=" " tag="959">
    <subfield code="a">2000-06-13 00:00:00 -0500</subfield>
  </datafield>
</record>
